


% Examples
%@article{SchurComplexes,
%  author={K.~Akin and D.~Buchsbaum and J.~Weyman},
%  title={Schur functors and Schur complexes},
%  journal={Adv.~in Math.},
%  volume=44,
%  number=3,
%  year=1982,
%  pages={207--278},
%}
%
%@book{Weibel,
%  author={C.~Weibel},
%  title={An Introduction to Homological Algebra},
%  publisher={Cambridge University Press},
%  year={1995},
%}
%
%@phdthesis{WoodThesis,
%  title = {Moduli Spaces for Rings and Ideals},
%  author = {Melanie Wood},
%  year = 2009,
%  school = {Princeton University},
%}
